% 17437718 
@Article{Agirrezabala2007,
   Author="Agirrezabala, X.  and Velazquez-Muriel, J. A.  and Gomez-Puertas, P.  and Scheres, S. H.  and Carazo, J. M.  and Carrascosa, J. L. ",
   Title="{{Q}uasi-atomic model of bacteriophage t7 procapsid shell: insights into the structure and evolution of a basic fold}",
   Journal="Structure",
   Year="2007",
   Volume="15",
   Number="4",
   Pages="461--472",
   Month="Apr"
}

@Article{Murshudov1997,
   Author="Murshudov, G. N.  and Vagin, A. A.  and Dodson, E. J. ",
   Title="{{R}efinement of macromolecular structures by the maximum-likelihood method}",
   Journal="Acta Crystallogr. D Biol. Crystallogr.",
   Year="1997",
   Volume="53",
   Number="Pt 3",
   Pages="240--255",
   Month="May"
}

@Article{Scheres2012,
   Author="Scheres, S. H. ",
   Title="{{R}{E}{L}{I}{O}{N}: implementation of a {B}ayesian approach to cryo-{E}{M} structure determination}",
   Journal="J. Struct. Biol.",
   Year="2012",
   Volume="180",
   Number="3",
   Pages="519--530",
   Month="Dec"
}

% 25122623 
@Article{Kuhlbrandt2014b,
   Author="Kuhlbrandt, W. ",
   Title="{{C}ryo-{E}{M} enters a new era}",
   Journal="Elife",
   Year="2014",
   Volume="3",
   Pages="e03678",
   Month="Aug"
}

% 24675944 
@Article{Kuhlbrandt2014a,
   Author="Kuhlbrandt, W. ",
   Title="{{B}iochemistry. {T}he resolution revolution}",
   Journal="Science",
   Year="2014",
   Volume="343",
   Number="6178",
   Pages="1443--1444",
   Month="Mar"
}

@Article{Saibil2015,
   Author="Saibil, H. R.  and Grunewald, K.  and Stuart, D. I. ",
   Title="{{A} national facility for biological cryo-electron microscopy}",
   Journal="Acta Crystallogr. D Biol. Crystallogr.",
   Year="2015",
   Volume="71",
   Number="Pt 1",
   Pages="127--135",
   Month="Jan"
}

% 16182563 
@Article{Mastronarde2005,
   Author="Mastronarde, D. N. ",
   Title="{{A}utomated electron microscope tomography using robust prediction of specimen movements}",
   Journal="J. Struct. Biol.",
   Year="2005",
   Volume="152",
   Number="1",
   Pages="36--51",
   Month="Oct"
}

% 19361558 
@Article{Suloway2009,
   Author="Suloway, C.  and Shi, J.  and Cheng, A.  and Pulokas, J.  and Carragher, B.  and Potter, C. S.  and Zheng, S. Q.  and Agard, D. A.  and Jensen, G. J. ",
   Title="{{F}ully automated, sequential tilt-series acquisition with {L}eginon}",
   Journal="J. Struct. Biol.",
   Year="2009",
   Volume="167",
   Number="1",
   Pages="11--18",
   Month="Jul"
}

% 16904341 
@Article{Zheng2007,
   Author="Zheng, S. Q.  and Keszthelyi, B.  and Branlund, E.  and Lyle, J. M.  and Braunfeld, M. B.  and Sedat, J. W.  and Agard, D. A. ",
   Title="{{U}{C}{S}{F} tomography: an integrated software suite for real-time electron microscopic tomographic data collection, alignment, and reconstruction}",
   Journal="J. Struct. Biol.",
   Year="2007",
   Volume="157",
   Number="1",
   Pages="138--147",
   Month="Jan"
}

% 15721576 
@Article{Nickell2005,
   Author="Nickell, S.  and Forster, F.  and Linaroudis, A.  and Net, W. D.  and Beck, F.  and Hegerl, R.  and Baumeister, W.  and Plitzko, J. M. ",
   Title="{{T}{O}{M} software toolbox: acquisition and analysis for electron tomography}",
   Journal="J. Struct. Biol.",
   Year="2005",
   Volume="149",
   Number="3",
   Pages="227--234",
   Month="Mar"
}

@online{EPU,
  author = {{Thermo Fisher Scientific}},
  title = {{{E}}{{P}}{{U}} for Life Sciences},
  year = 2018,
  url = {https://www.fei.com/software/epu/},
  urldate = {2018-02-12}
}

@online{Latitude,
  author = {{Gatan, Inc}},
  title = {3{{D}} Tomography Acquisition Software},
  year = 2018,
  url = {http://www.gatan.com/products/tem-imaging-spectroscopy/3d-tomography-acquisition-software},
  urldate = {2018-02-12}
}

@online{emmenu,
  author = {{Tietz, GmbH}},
  title = {{{E}}{{M}}-{{M}}enu},
  year = 2018,
  url = {http://www.tvips.com/imaging-software/em-menu/},
  urldate = {2018-02-12}
}

% 28344036 
@Article{Biyani2017,
   Author="Biyani, N.  and Righetto, R. D.  and McLeod, R.  and Caujolle-Bert, D.  and Castano-Diez, D.  and Goldie, K. N.  and Stahlberg, H. ",
   Title="{{F}ocus: {T}he interface between data collection and data processing in cryo-{E}{M}}",
   Journal="J. Struct. Biol.",
   Year="2017",
   Volume="198",
   Number="2",
   Pages="124--133",
   Month="May"
}

% 26370395 
@Article{Li2015,
   Author="Li, X.  and Zheng, S.  and Agard, D. A.  and Cheng, Y. ",
   Title="{{A}synchronous data acquisition and on-the-fly analysis of dose fractionated cryo{E}{M} images by {U}{C}{S}{F}{I}mage}",
   Journal="J. Struct. Biol.",
   Year="2015",
   Volume="192",
   Number="2",
   Pages="174--178",
   Month="Nov"
}
