% 17437718 
@Article{Agirrezabala2007,
   Author="Agirrezabala, X.  and Velazquez-Muriel, J. A.  and Gomez-Puertas, P.  and Scheres, S. H.  and Carazo, J. M.  and Carrascosa, J. L. ",
   Title="{{Q}uasi-atomic model of bacteriophage t7 procapsid shell: insights into the structure and evolution of a basic fold}",
   Journal="Structure",
   Year="2007",
   Volume="15",
   Number="4",
   Pages="461--472",
   Month="Apr"
}

@Article{Murshudov1997,
   Author="Murshudov, G. N.  and Vagin, A. A.  and Dodson, E. J. ",
   Title="{{R}efinement of macromolecular structures by the maximum-likelihood method}",
   Journal="Acta Crystallogr. D Biol. Crystallogr.",
   Year="1997",
   Volume="53",
   Number="Pt 3",
   Pages="240--255",
   Month="May"
}

@Article{Scheres2012,
   Author="Scheres, S. H. ",
   Title="{{R}{E}{L}{I}{O}{N}: implementation of a {B}ayesian approach to cryo-{E}{M} structure determination}",
   Journal="J. Struct. Biol.",
   Year="2012",
   Volume="180",
   Number="3",
   Pages="519--530",
   Month="Dec"
}

% 25122623 
@Article{Kuhlbrandt2014b,
   Author="Kuhlbrandt, W. ",
   Title="{{C}ryo-{E}{M} enters a new era}",
   Journal="Elife",
   Year="2014",
   Volume="3",
   Pages="e03678",
   Month="Aug"
}

% 24675944 
@Article{Kuhlbrandt2014a,
   Author="Kuhlbrandt, W. ",
   Title="{{B}iochemistry. {T}he resolution revolution}",
   Journal="Science",
   Year="2014",
   Volume="343",
   Number="6178",
   Pages="1443--1444",
   Month="Mar"
}

@Article{Saibil2015,
   Author="Saibil, H. R.  and Grunewald, K.  and Stuart, D. I. ",
   Title="{{A} national facility for biological cryo-electron microscopy}",
   Journal="Acta Crystallogr. D Biol. Crystallogr.",
   Year="2015",
   Volume="71",
   Number="Pt 1",
   Pages="127--135",
   Month="Jan"
}

% 16182563 
@Article{Mastronarde2005,
   Author="Mastronarde, D. N. ",
   Title="{{A}utomated electron microscope tomography using robust prediction of specimen movements}",
   Journal="J. Struct. Biol.",
   Year="2005",
   Volume="152",
   Number="1",
   Pages="36--51",
   Month="Oct"
}

% 19361558 
@Article{Suloway2009,
   Author="Suloway, C.  and Shi, J.  and Cheng, A.  and Pulokas, J.  and Carragher, B.  and Potter, C. S.  and Zheng, S. Q.  and Agard, D. A.  and Jensen, G. J. ",
   Title="{{F}ully automated, sequential tilt-series acquisition with {L}eginon}",
   Journal="J. Struct. Biol.",
   Year="2009",
   Volume="167",
   Number="1",
   Pages="11--18",
   Month="Jul"
}

% 16904341 
@Article{Zheng2007,
   Author="Zheng, S. Q.  and Keszthelyi, B.  and Branlund, E.  and Lyle, J. M.  and Braunfeld, M. B.  and Sedat, J. W.  and Agard, D. A. ",
   Title="{{U}{C}{S}{F} tomography: an integrated software suite for real-time electron microscopic tomographic data collection, alignment, and reconstruction}",
   Journal="J. Struct. Biol.",
   Year="2007",
   Volume="157",
   Number="1",
   Pages="138--147",
   Month="Jan"
}

% 15721576 
@Article{Nickell2005,
   Author="Nickell, S.  and Forster, F.  and Linaroudis, A.  and Net, W. D.  and Beck, F.  and Hegerl, R.  and Baumeister, W.  and Plitzko, J. M. ",
   Title="{{T}{O}{M} software toolbox: acquisition and analysis for electron tomography}",
   Journal="J. Struct. Biol.",
   Year="2005",
   Volume="149",
   Number="3",
   Pages="227--234",
   Month="Mar"
}

@misc{EPU,
  author = {{Thermo Fisher Scientific}},
  title = {{{E}}{{P}}{{U}} for Life Sciences},
  year = 2018,
  url = {https://www.fei.com/software/epu/},
  urldate = {2018-02-12}
}

@misc{Latitude,
  author = {{Gatan, Inc}},
  title = {3{{D}} Tomography Acquisition Software},
  year = 2018,
  url = {http://www.gatan.com/products/tem-imaging-spectroscopy/3d-tomography-acquisition-software},
  urldate = {2018-02-12}
}

@misc{emmenu,
  author = {{Tietz, GmbH}},
  title = {{{E}}{{M}}-{{M}}enu},
  year = 2018,
  url = {http://www.tvips.com/imaging-software/em-menu/},
  urldate = {2018-02-12}
}

% 28344036 
@Article{Biyani2017,
   Author="Biyani, N.  and Righetto, R. D.  and McLeod, R.  and Caujolle-Bert, D.  and Castano-Diez, D.  and Goldie, K. N.  and Stahlberg, H. ",
   Title="{{F}ocus: {T}he interface between data collection and data processing in cryo-{E}{M}}",
   Journal="J. Struct. Biol.",
   Year="2017",
   Volume="198",
   Number="2",
   Pages="124--133",
   Month="May"
}

% 26370395 
@Article{Li2015,
   Author="Li, X.  and Zheng, S.  and Agard, D. A.  and Cheng, Y. ",
   Title="{{A}synchronous data acquisition and on-the-fly analysis of dose fractionated cryo{E}{M} images by {U}{C}{S}{F}{I}mage}",
   Journal="J. Struct. Biol.",
   Year="2015",
   Volume="192",
   Number="2",
   Pages="174--178",
   Month="Nov"
}

@article {Zheng2016:motioncor2,
	author = {Zheng, Shawn and Palovcak, Eugene and Armache, Jean-Paul and Cheng, Yifan and Agard, David},
	title = {Anisotropic Correction of Beam-induced Motion for Improved Single-particle Electron Cryo-microscopy},
	year = {2016},
	doi = {10.1101/061960},
	publisher = {Cold Spring Harbor Laboratory},
	abstract = {Correction of electron beam-induced sample motion is one of the major factors contributing to the recent resolution breakthroughs in cryo-electron microscopy. Improving the accuracy and efficiency of motion correction can lead to further resolution improvement. Based on observations that the electron beam induces doming of the thin vitreous ice layer, we developed an algorithm to correct anisotropic image motion at the single pixel level across the whole frame, suitable for both single particle and tomographic images. Iterative, patch-based motion detection is combined with spatial and temporal constraints and dose weighting. The multi-GPU accelerated program, MotionCor2, is sufficiently fast to keep up with automated data collection. The result is an exceptionally robust strategy that can work on a wide range of data sets, including those very close to focus or with very short integration times, obviating the need for particle polishing. Application significantly improves Thon ring quality and 3D reconstruction resolution.},
	URL = {https://www.biorxiv.org/content/early/2016/07/04/061960},
	eprint = {https://www.biorxiv.org/content/early/2016/07/04/061960.full.pdf},
	journal = {bioRxiv}
}
% 21949273 
@Article{Delageniere2011deleteme,
   Author="Delageniere, S.  and Brenchereau, P.  and Launer, L.  and Ashton, A. W.  and Leal, R.  and Veyrier, S.  and Gabadinho, J.  and Gordon, E. J.  and Jones, S. D.  and Levik, K. E.  and McSweeney, S. M.  and Monaco, S.  and Nanao, M.  and Spruce, D.  and Svensson, O.  and Walsh, M. A.  and Leonard, G. A. ",
   Title="{{I}{S}{P}y{B}: an information management system for synchrotron macromolecular crystallography}",
   Journal="Bioinformatics",
   Year="2011",
   Volume="27",
   Number="22",
   Pages="3186--3192",
   Month="Nov"
}

@article{delarosatrevin2016,
title = "Scipion: A software framework toward integration, reproducibility and validation in 3D electron microscopy ",
journal = "Journal Structural Biology",
volume = "195",
number = "1",
pages = "93 - 99",
year = "2016",
author = "J.M. de la Rosa-Trev\'{i}n and A. Quintana and L. del Cano and A. Zald\'{i}var and I. Foche and J. Guti\'{e}rrez and J. G\'omez-Blanco and J. Burguet-Castell and J. Cuenca-Alba and V. Abrishami and J. Vargas and J. Ot\'on and G. Sharov and J.L. Vilas and J. Navas and P. Conesa and M. Kazemi and R. Marabini and C.O.S. Sorzano and J.M. Carazo",
keywords = "Electron microscopy",
keywords = "Single particle analysis",
keywords = "Image processing",
keywords = "Software package",
keywords = "Workflows",
keywords = "Reproducibility "
}

% 28971542 
@Article{conesa2018,
   Author="Conesa Mingo, P.  and Gutierrez, J.  and Quintana, A.  and de la Rosa Trevin, J. M.  and Zaldivar-Peraza, A.  and Cuenca Alba, J.  and Kazemi, M.  and Vargas, J.  and Del Cano, L.  and Segura, J.  and Sorzano, C. O. S.  and Carazo, J. M. ",
   Title="{{S}cipion web tools: {E}asy to use cryo-{E}{M} image processing over the web}",
   Journal="Protein Sci.",
   Year="2018",
   Volume="27",
   Number="1",
   Pages="269--275",
   Month="Jan"
}

  	
@article{Pichkur2018,
  author={Evgeny Pichkur and Timur Baimukhametov and Anton Teslyuk and Anton Orekhov and Roman Kamyshinsky and Yury Chesnokov and Viacheslav Ilyin and Alexander Vasiliev and Vasily Velikhov},
  title={Towards on-the-fly Cryo-Electron Microscopy Data Processing by High Performance Data Analysis},
  journal={Journal of Physics: Conference Series},
  volume={955},
  number={1},
  pages={012005},
  url={http://stacks.iop.org/1742-6596/955/i=1/a=012005},
  year={2018},
  abstract={In this paper we present an approach to the on-the-fly Cryo-EM data acquisition and analysis using High Performance Data Analysis concept. An analysis of bottlenecks in the currently used data processing is presented, and the new iterative scheme for near real time implementation of the Cryo-EM data processing is discussed. The on-the-fly approach is proposed that will considerably reduce the time required for the protein (or other biological objects, e.g. viruses) 3D structure determination and allow eliminating manual interventions in the data processing.}
}

@Article{sorzano2018,
   Author="Sorzano, C. O. S.  and Fernandez-Gimenez, E.  and Peredo-Robinson, V.  and Vargas, J.  and Majtner, T.  and Caffarena, G.  and Oton, J.  and Vilas, J. L.  and de la Rosa-Trevin, J. M.  and Melero, R.  and Gomez-Blanco, J.  and Cuenca, J.  and Del Cano, L.  and Conesa, P.  and Marabini, R.  and Carazo, J. M. ",
   Title="{{B}lind estimation of {D}{E}{D} camera gain in {E}lectron {M}icroscopy}",
   Journal="J. Struct. Biol.",
   Year="2018",
   Volume="203",
   Number="2",
   Pages="90--93",
   Month="Aug"
}

@Article{diamond2017,
   Author="Clare, D. K.  and Siebert, C. A.  and Hecksel, C.  and Hagen, C.  and Mordhorst, V.  and Grange, M.  and Ashton, A. W.  and Walsh, M. A.  and Grunewald, K.  and Saibil, H. R.  and Stuart, D. I.  and Zhang, P. ",
   Title="{{E}lectron {B}io-{I}maging {C}entre (e{B}{I}{C}): the {U}{K} national research facility for biological electron microscopy}",
   Journal="Acta Crystallogr D Struct Biol",
   Year="2017",
   Volume="73",
   Number="Pt 6",
   Pages="488--495",
   Month="Jun"
}
% 21949273 
@Article{Delageniere2011:ispb,
   Author="Delageniere, S.  and Brenchereau, P.  and Launer, L.  and Ashton, A. W.  and Leal, R.  and Veyrier, S.  and Gabadinho, J.  and Gordon, E. J.  and Jones, S. D.  and Levik, K. E.  and McSweeney, S. M.  and Monaco, S.  and Nanao, M.  and Spruce, D.  and Svensson, O.  and Walsh, M. A.  and Leonard, G. A. ",
   Title="{{I}{S}{P}y{B}: an information management system for synchrotron macromolecular crystallography}",
   Journal="Bioinformatics",
   Year="2011",
   Volume="27",
   Number="22",
   Pages="3186--3192",
   Month="Nov"
}

@Article{emsley2010:coot,
  author =    {Paul Emsley and Bernhard Lohkamp and William G. Scott and Kevin Cowtan},
  title =     {Features and Development of Coot},
  journal =   {Acta Crystallographica Section D - Biological Crystallography},
  year =      2010,
  volume =    66,
  pages  =    "486-501",
}

% 15299926 
@Article{Murshudov1997:refmac,
   Author="Murshudov, G. N.  and Vagin, A. A.  and Dodson, E. J. ",
   Title="{{R}efinement of macromolecular structures by the maximum-likelihood method}",
   Journal="Acta Crystallogr. D Biol. Crystallogr.",
   Year="1997",
   Volume="53",
   Number="Pt 3",
   Pages="240--255",
   Month="May"
}
@misc{eu2016:fair,
  author = {{EUROPEAN COMMISSION Directorate-General for Research and Innovation}},
  title = {Guidelines on {F}{A}{I}{R} {D}ata {M}anagement in {H}orizon 2020 },
  year = 2016,
  url = {http://ec.europa.eu/research/participants/data/ref/h2020/grants_manual/hi/oa_pilot/h2020-hi-oa-data-mgt_en.pdf},
  urldate = {2018-04-01}
}

% 27572735 
@Article{Patwardhan2016:databasesEM,
   Author="Patwardhan, A.  and Lawson, C. L. ",
   Title="{{D}atabases and {A}rchiving for {C}ryo{E}{M}}",
   Journal="Meth. Enzymol.",
   Year="2016",
   Volume="579",
   Pages="393--412"
}

% 26023829 
@Article{Grant2015:unblur,
   Author="Grant, T.  and Grigorieff, N. ",
   Title="{{M}easuring the optimal exposure for single particle cryo-{E}{M} using a 2.6 {\AA} reconstruction of rotavirus {V}{P}6}",
   Journal="Elife",
   Year="2015",
   Volume="4",
   Pages="e06980",
   Month="May"
}
% 25681631 
@Article{Abrishami2015:optical-flow,
   Author="Abrishami, V.  and Vargas, J.  and Li, X.  and Cheng, Y.  and Marabini, R.  and Sorzano, C. O.  and Carazo, J. M. ",
   Title="{{A}lignment of direct detection device micrographs using a robust {O}ptical {F}low approach}",
   Journal="J. Struct. Biol.",
   Year="2015",
   Volume="189",
   Number="3",
   Pages="163--176",
   Month="Mar"
}% 28580911 

@Article{fernandez2017:relion-pipeline,
   Author="Fernandez-Leiro, R.  and Scheres, S. H. W. ",
   Title="{{A} pipeline approach to single-particle processing in {R}{E}{L}{I}{O}{N}}",
   Journal="Acta Crystallographica D Struct Biol",
   Year="2017",
   Volume="73",
   Number="Pt 6",
   Pages="496--502",
   Month="Jun"
}

% 23644547 
@Article{Li2013:motioncorr,
   Author="Li, X.  and Mooney, P.  and Zheng, S.  and Booth, C. R.  and Braunfeld, M. B.  and Gubbens, S.  and Agard, D. A.  and Cheng, Y. ",
   Title="{{E}lectron counting and beam-induced motion correction enable near-atomic-resolution single-particle cryo-{E}{M}}",
   Journal="Nat. Methods",
   Year="2013",
   Volume="10",
   Number="6",
   Pages="584--590",
   Month="Jun"
}
% 26089766 
@Article{Fisher2015:synchweb,
   Author="Fisher, S. J.  and Levik, K. E.  and Williams, M. A.  and Ashton, A. W.  and McAuley, K. E. ",
   Title="{{S}ynch{W}eb: a modern interface for {I}{S}{P}y{B}}",
   Journal="J Appl Crystallogr",
   Year="2015",
   Volume="48",
   Number="Pt 3",
   Pages="927--932",
   Month="Jun"
}
% 26278980 
@Article{Rohou2015,
   Author="Rohou, A.  and Grigorieff, N. ",
   Title="{{C}{T}{F}{F}{I}{N}{D}4: {F}ast and accurate defocus estimation from electron micrographs}",
   Journal="J. Struct. Biol.",
   Year="2015",
   Volume="192",
   Number="2",
   Pages="216--221",
   Month="Nov"
}
% 26592709 
@Article{Zhang2016,
   Author="Zhang, K. ",
   Title="{{G}ctf: {R}eal-time {C}{T}{F} determination and correction}",
   Journal="J. Struct. Biol.",
   Year="2016",
   Volume="193",
   Number="1",
   Pages="1--12",
   Month="Jan"
}
% 17911028 
@Article{sorzano2007,
   Author="Sorzano, C. O.  and Jonic, S.  and Nunez-Ramirez, R.  and Boisset, N.  and Carazo, J. M. ",
   Title="{{F}ast, robust, and accurate determination of transmission electron microscopy contrast transfer function}",
   Journal="J. Struct. Biol.",
   Year="2007",
   Volume="160",
   Number="2",
   Pages="249--262",
   Month="Nov"
}
% 23261401 
@Article{Vargas2013,
   Author="Vargas, J.  and Oton, J.  and Marabini, R.  and Jonic, S.  and de la Rosa-Trevin, J. M.  and Carazo, J. M.  and Sorzano, C. O. ",
   Title="{{F}{A}{S}{T}{D}{E}{F}: fast defocus and astigmatism estimation for high-throughput transmission electron microscopy}",
   Journal="J. Struct. Biol.",
   Year="2013",
   Volume="181",
   Number="2",
   Pages="136--148",
   Month="Feb"
}
@article {warp2018,
	author = {Tegunov, Dimitry and Cramer, Patrick},
	title = {Real-time cryo-EM data pre-processing with Warp},
	year = {2018},
	doi = {10.1101/338558},
	publisher = {Cold Spring Harbor Laboratory},
	abstract = {The acquisition of cryo-electron microscopy (cryo-EM) data from biological specimens is currently largely uncoupled from subsequent data evaluation, correction and processing. Therefore, the acquisition strategy is difficult to optimize during data collection, often leading to suboptimal microscope usage and disappointing results. Here we provide Warp, a software for real-time evaluation, correction, and processing of cryo-EM data during their acquisition. Warp evaluates and monitors key parameters for each recorded micrograph or tomographic tilt series in real time. Warp also rapidly corrects micrographs for global and local motion, and estimates the local defocus with the use of novel algorithms. The software further includes a deep learning-based particle picking algorithm that rivals human accuracy to make the pre-processing pipeline truly automated. The output from Warp can be directly fed into established tools for particle classification and 3D image reconstruction. In a benchmarking study we show that Warp automatically processed a published cryo-EM data set for influenza virus hemagglutinin, leading to an improvement of the nominal resolution from 3.9 {\r A} to 3.2 {\r A}. Warp is easy to install, computationally inexpensive, and has an intuitive and streamlined user interface.},
	URL = {https://www.biorxiv.org/content/early/2018/06/14/338558},
	eprint = {https://www.biorxiv.org/content/early/2018/06/14/338558.full.pdf},
	journal = {bioRxiv}
}